% Analytical reduction methods for passible cables
 
 @article{rall1964theoretical,
  title={Theoretical significance of dendritic trees for neuronal input-output relations},
  author={Rall, Wilfrid},
  journal={Neural theory and modeling},
  pages={73--97},
  year={1964},
  publisher={Stanford University Press}
}

@article{clements1986synaptic,
  title={Synaptic transmission and integration in spinal motoneurones},
  author={Clements, John D and others},
  year={1986},
  publisher={The Australian National University}
}

@article{clements1989cable,
  title={Cable properties of cat spinal motoneurones measured by combining voltage clamp, current clamp and intracellular staining.},
  author={Clements, JD and Redman, SJ},
  journal={The Journal of Physiology},
  volume={409},
  number={1},
  pages={63--87},
  year={1989},
  publisher={Wiley Online Library}
}

@incollection{schierwagen1994exploring,
  title={Exploring the computational capabilities of single neurons by continuous cable modelling},
  author={Schierwagen, AK},
  booktitle={Progress in brain research},
  volume={102},
  pages={151--167},
  year={1994},
  publisher={Elsevier}
}

@article{ohme1998equivalent,
  title = {An Equivalent Cable Model for Neuronal Trees with Active Membrane},
  volume = {78},
  issn = {0340-1200, 1432-0770},
  number = {3},
  journal = {Biological Cybernetics},
  doi = {10.1007/s004220050429},
  author = {Ohme, M. and Schierwagen, A.},
  month = apr,
  year = {1998},
  pages = {227-243}
}

@inproceedings{stratford1989modelling,
  title={The modelling of pyramidal neurones in the visual cortex},
  author={Stratford, Ken and Mason, Adrian and Larkman, Alan and Major, Guy and Jack, Julian},
  booktitle={The computing neuron},
  pages={296--321},
  year={1989},
  organization={Addison-Wesley Longman Publishing Co., Inc.}
}

@incollection{douglas1992exploring,
  title={Exploring cortical microcircuits: A combined anatomical, physiological, and computational approach},
  author={Douglas, Rodney J and Martin, Kevan AC},
  booktitle={Single neuron computation},
  pages={381--412},
  year={1992},
  publisher={Elsevier}
}

@article{fleshman1988electrotonic,
  title={Electrotonic architecture of type-identified alpha-motoneurons in the cat spinal cord},
  author={Fleshman, JAMES W and Segev, IDAN and Burke, RB},
  journal={Journal of Neurophysiology},
  volume={60},
  number={1},
  pages={60--85},
  year={1988},
  publisher={American Physiological Society Bethesda, MD}
}

@article{evans2000analysis,
  title={Analysis of a multiple equivalent cylinder model with generalized taper},
  author={Evans, JD},
  journal={Mathematical Medicine and Biology: A Journal of the IMA},
  volume={17},
  number={4},
  pages={347--377},
  year={2000},
  publisher={Oxford University Press}
}

% PD societal burder

@article{dorsey2007projected,
  title={Projected number of people with Parkinson disease in the most populous nations, 2005 through 2030},
  author={Dorsey, ERl and Constantinescu, R and Thompson, JP and Biglan, KM and Holloway, RG and Kieburtz, K and Marshall, FJ and Ravina, BM and Schifitto, G and Siderowf, A and others},
  journal={Neurology},
  volume={68},
  number={5},
  pages={384--386},
  year={2007},
  publisher={AAN Enterprises}
}

@article{deRijk1997prevalence,
  title={Prevalence of parkinsonism and Parkinson's disease in Europe: the EUROPARKINSON Collaborative Study. European Community Concerted Action on the Epidemiology of Parkinson's disease.},
  author={de Rijk, MC d and Tzourio, C and Breteler, MM and Dartigues, JF and Amaducci, L and Lopez-Pousa, S and Manubens-Bertran, JM and Alperovitch, A and Rocca, Walter A},
  journal={Journal of Neurology, Neurosurgery \& Psychiatry},
  volume={62},
  number={1},
  pages={10--15},
  year={1997},
  publisher={BMJ Publishing Group Ltd}
}

@article{gustavsson2011cost,
  title={Cost of disorders of the brain in Europe 2010},
  author={Gustavsson, Anders and Svensson, Mikael and Jacobi, Frank and Allgulander, Christer and Alonso, Jordi and Beghi, Ettore and Dodel, Richard and Ekman, Mattias and Faravelli, Carlo and Fratiglioni, Laura and others},
  journal={European neuropsychopharmacology},
  volume={21},
  number={10},
  pages={718--779},
  year={2011},
  publisher={Elsevier}
}

@article{wittchen2011size,
  title={The size and burden of mental disorders and other disorders of the brain in Europe 2010},
  author={Wittchen, Hans-Ulrich and Jacobi, Frank and Rehm, J{\"u}rgen and Gustavsson, Anders and Svensson, Mikael and J{\"o}nsson, Bengt and Olesen, Jes and Allgulander, Christer and Alonso, Jordi and Faravelli, Carlo and others},
  journal={European Neuropsychopharmacology},
  volume={21},
  number={9},
  pages={655--679},
  year={2011},
  publisher={Elsevier}
}

@article{olesen2012economic,
  title={The economic cost of brain disorders in Europe},
  author={Olesen, J and Gustavsson, A and Svensson, Mikael and Wittchen, H-U and J{\"o}nsson, B},
  journal={European journal of neurology},
  volume={19},
  number={1},
  pages={155--162},
  year={2012},
  publisher={Wiley Online Library}
}

@article{chen2006deep,
  title={Deep brain stimulation of the subthalamic nucleus: a two-edged sword},
  author={Chen, Chiung Chu and Br{\"u}cke, Christof and Kempf, Florian and Kupsch, Andreas and Lu, Chin Song and Lee, Shih Tseng and Tisch, Stephen and Limousin, Patricia and Hariz, Marwan and Brown, Peter},
  journal={Current biology},
  volume={16},
  number={22},
  pages={R952--R953},
  year={2006},
  publisher={Cell Press}
}

% Misc
 
 @Manual{Blender3D,
   title = {Blender - a 3D modelling and rendering package},
   author = {Blender Online Community},
   organization = {Blender Foundation},
   address = {Stichting Blender Foundation, Amsterdam},
   year = {2018},
   url = {http://www.blender.org},
 }
 
 @article{abdellah2018neuromorphovis,
  title={NeuroMorphoVis: a collaborative framework for analysis and visualization of neuronal morphology 
  skeletons reconstructed from microscopy stacks},
  author={Abdellah, Marwan and Hernando, Juan and Eilemann, Stefan and Lapere, Samuel and Antille, 
  Nicolas and Markram, Henry and Sch{\"u}rmann, Felix},
  journal={Bioinformatics},
  volume={34},
  number={13},
  pages={i574--i582},
  year={2018},
  publisher={Oxford University Press}
}

@INPROCEEDINGS{klijn_arbor_2017,
      author       = {Klijn, Wouter and Cumming, Benjamin and Yates, Stuart and
                      Karakasis, Vasileios and Peyser, Alexander},
      title        = {{A}rbor: {A} morphologically detailed neural network
                      simulator for modern high performance computer
                      architectures},
      school       = {University of Antwerp},
      reportid     = {FZJ-2017-05647},
      year         = {2017},
      month         = {Jul},
      date          = {2017-07-15},
      organization  = {26th Computational Neuroscience
                       Meeting, Antwerp (Belgium), 15 Jul 2017
                       - 20 Jul 2017},
      cin          = {JSC},
      cid          = {I:(DE-Juel1)JSC-20090406},
      pnm          = {511 - Computational Science and Mathematical Methods
                      (POF3-511) / 574 - Theory, modelling and simulation
                      (POF3-574) / SMHB - Supercomputing and Modelling for the
                      Human Brain (HGF-SMHB-2013-2017) / HBP SGA1 - Human Brain
                      Project Specific Grant Agreement 1 (720270)},
      pid          = {G:(DE-HGF)POF3-511 / G:(DE-HGF)POF3-574 /
                      G:(DE-Juel1)HGF-SMHB-2013-2017 / G:(EU-Grant)720270},
      typ          = {PUB:(DE-HGF)24},
      url          = {http://juser.fz-juelich.de/record/836542},
}

@Misc{jones_scipy_2001,
  author =    {Eric Jones and Travis Oliphant and Pearu Peterson and others},
  title =     {{SciPy}: Open source scientific tools for {Python}},
  year =      {2001},
  url = "http://www.scipy.org/",
  note = {[Online; accessed <today>]}
}

@book{deschutter2000computational,
  title={Computational neuroscience: realistic modeling for experimentalists},
  author={De Schutter, Erik},
  year={2000},
  publisher={CRC press}
}


@article{lowery2017modeling,
  title={Modeling Deep Brain Stimulation for Parkinsonâ€™s Disease},
  author={Lowery, Madeleine M},
  journal={Computational models of brain and behavior},
  pages={109},
  year={2017},
  publisher={Wiley Online Library}
}

@misc{voncoelin_motor_2015,
  title={Motor subtypes of Parkinson disease are unstable over time (S48. 002)},
  author={Von Coelln, F Rainer and Barr, Erik and Gruber-Baldini, Ann and Reich, Stephen and Armstrong, Melissa and Shulman, Lisa},
  year={2015},
  publisher={AAN Enterprises}
}

@article{abdellah_neuromorphovis_2018,
  title={NeuroMorphoVis: a collaborative framework for analysis and visualization of neuronal morphology 
  skeletons reconstructed from microscopy stacks},
  author={Abdellah, Marwan and Hernando, Juan and Eilemann, Stefan and Lapere, Samuel and Antille, 
  Nicolas and Markram, Henry and Sch{\"u}rmann, Felix},
  journal={Bioinformatics},
  volume={34},
  number={13},
  pages={i574--i582},
  year={2018},
  publisher={Oxford University Press}
}